@misc{docker,
    author = {{Docker Inc.}},
    title = {Docker},
    year = {2024},
    note = {\url{https://www.docker.com/ja-jp/}},
}
@misc{local,
    author = {俺},
    title = {オレオレ最強ローカル環境},
    year = {2024},
}
